@unpublished{past_report,
  title = {Análise dum serviço da Internet: Signal},
  author = {Miguel Mota, Pedro Escaleira, Rafael Simões},
  year = {2020},
  note = {Aveiro: Unpublished}
}

@online{history,
title={The story of Signal},
author={David J. Lumb},
url={https://increment.com/security/story-of-signal/},
year={2020},
urldate={2020-06-09}
}
